
@article{browne2012survey,
  title={A survey of monte carlo tree search methods},
  author={Browne, Cameron B and Powley, Edward and Whitehouse, Daniel and Lucas, Simon M and Cowling, Peter and Rohlfshagen, Philipp and Tavener, Stephen and Perez, Diego and Samothrakis, Spyridon and Colton, Simon and others},
  journal={Computational Intelligence and AI in Games, IEEE Transactions on},
  volume={4},
  number={1},
  pages={1--43},
  year={2012},
  publisher={IEEE}
}
@inproceedings{chaslot2008monte,
  title={Monte-Carlo Tree Search: A New Framework for Game AI.},
  author={Chaslot, Guillaume and Bakkes, Sander and Szita, Istvan and Spronck, Pieter},
  booktitle={AIIDE},
  year={2008}
}
@article {Dictionary.com2015,
    title = {The American HeritageÂ® Science Dictionary},
    author={Dictionary.com},
    month = {Jul},
    day = {16},
    year = {2015},
    url = {http://dictionary.reference.com/browse/stochastic},
}